@online{portcullis_blog,
  Author =	 {MRL},
  Title =	 {New "Restricted Admin" feature of RDP 8.1 allows pass-the-hash},
  Url =		 {https://labs.portcullis.co.uk/blog/new-restricted-admin-feature-of-rdp-8-1-allows-pass-the-hash/},
  Urldate =	 {2014-03-04},
  Note =	 {Accessed 2014-03-04}
}

@online{portcullis_tools,
  Author =	 {MRL},
  Title =	 {New "Restricted Admin" feature of RDP 8.1 allows pass-the-hash},
  Url =		 {https://labs.portcullis.co.uk/tools/freerdp-pth/},
  Urldate =	 {2014-03-04},
  Note =	 {Accessed 2014-03-04}
}

@online{NXBit,
  Author =	 {Wikipedia},
  Title =	 {NX},
  Url =		 {https://en.wikipedia.org/wiki/NX},
  Urldate =	 {2014-03-04},
  Note =	 {Accessed 2014-03-04}
}

@online{payload_meterpreter,
  Author =	 {Offensive Security Ltd},
  Title =	 {Payload Types},
  Url =		 {http://www.offensive-security.com/metasploit-unleashed/Payload_Types},
  Urldate =	 {2014-03-04},
  Note =	 {Accessed 2014-03-04}
}

@online{freerdp_git_repo,
  Author =	 {awakecoding},
  Title =	 {FreeRDP},
  Url =		 {https://github.com/awakecoding/FreeRDP},
  Urldate =	 {2014-03-04},
  Note =	 {Accessed 2014-03-04}
}

@online{freerdp_installation_instructions,
  Author =	 {FreeRDP},
  Title =	 {Compilation},
  Url =		 {https://github.com/FreeRDP/FreeRDP/wiki/Compilation},
  Urldate =	 {2014-03-04},
  Note =	 {Accessed 2014-03-04}
}

@online{hydra,
  Author =	 {van Hauser},
  Title =	 {THC-Hydra},
  Url =		 {https://www.thc.org/thc-hydra/},
  Urldate =	 {2014-03-04},
  Note =	 {Accessed 2014-03-04}
}

@online{wikipedia_NTLM,
  Author =	 {Wikipedia},
  Title =	 {NT LAN Manager},
  Url =		 {http://en.wikipedia.org/wiki/NT_LAN_Manager},
  Urldate =	 {2014-03-05},
  Note =	 {Accessed 2014-03-05}
}